@article{armas2011estimation,
  title={Estimation of opacity tendency of ethanol--and biodiesel--diesel blends by means of the smoke point technique},
  author={Armas, Octavio and Gomez, M Arántzazu and BarrientL},
  journal={Energy \& Fuels},
  volume={25},
  number={7},
  pages={3283--3288},
  year={2011},
  publisher={ACS Publications}
}
@article{castillo2010design,
  title={{Design of a class of fractional controllers from frequency specifications with guaranteed time domain behavior}},
  author={Castillo, Fernando J. and Feliu, V. and Rivas, R. and Sánchez, L.},
  journal={Computers \& Mathematics with Applications},
  volume={59},
  number={5},
  pages={1656--1666},
  year={2010},
  publisher={Elsevier}
}
@inproceedings{castillo2011time,
  title={{Time Domain Tuning of a Fractional Order PI$\alpha$ Controller Combined with a Smith Predictor for Automation of Water Distribution in Irrigation Main Channel Pools}},
  author={Castillo-García, F.J. and Feliu-Batlle, V. and Rivas-Pérez, R. and Sánchez, L.},
  year={2011},
  booktitle={Proc. of IFAC}
}
