@Misc {anderskofodpetersen2014,
    author     = "Anders Kofod-Petersen",
    title      = "{How to do a Structured Literature Review in computer science}",
    month      = "aug",
    year       = "2014",
    note    = "Disponible en línea en \url{https://research.idi.ntnu.no/aimasters/files/SLR_HowTo.pdf}"
}
@Misc {sandroschulze2017,
    author     = "Sandro Schulze",
    title      = "Conducting Systematic Literature Reviews",
    month      = "oct",
    year       = "2017",
    note    = "Disponible en línea en \url{https://pdfs.semanticscholar.org/presentation/63ca/d41c0d584f56461c28d8f2f89443fdebee9c.pdf}"
}
@TECHREPORT {barbarakitchenhamstuartcharters2007,
    author      = "Barbara Kitchenham and Stuart Charters",
    title       = "{Guidelines for performing Systematic Literature Reviews in Software Engineering}",
    institution = "Keele University and University of Durham",
    year        = "2007",
    number      = "EBSE-2007-01",
    address     = "Disponible en línea en \url{https://www.elsevier.com/__data/promis_misc/525444systematicreviewsguide.pdf}.",
    month       = "jul"
}
@MISC {ernestoaranda2013,
    author       = "Ernesto Aranda",
    title        = "{Curso de \LaTeX{}}",
    howpublished = "Disponible en línea en \url{http://matematicas.uclm.es/earanda/wp-content/uploads/downloads/2013/10/latex.pdf}",
    month        = "oct",
    year         = "2013"
}
@MISC {gastonsimone2002,
    author       = "Gastón Simone",
    title        = "{Tutorial de \LaTeX{}: Introducción básica}",
    howpublished = "Disponible en línea en \url{http://www.mat.uda.cl/hsalinas/cursos/2008/latex/doc-tutorial-latex.pdf}",
    month        = "jun",
    year         = "2002"
}
@BOOK {leslielamport1994,
    author    = "Leslie Lamport",
    title     = "{\LaTeX{}: A Document Preparation System}",
    publisher = "Addison Wesley",
    year      = "1994",
    edition   = "second"
}
@BOOK {latexcompanion2004,
    author    = "Frank Mittelbach and Michel Goossens and Johannes Braams and David Carlisle and Chris Rowley",
    title     = "{The \LaTeX{} Companion}",
    publisher = "Addison Wesley",
    year      = "2004",
    edition   = "second"
}